@book{BanShi14,
  title={Getting Started with Arduino: The Open Source Electronics Prototyping Platform},
  author={Banzi, Massimo and Shiloh, Michael},
  year={2014},
  publisher={Maker Media, Inc.},
  address = {Sebastopol},
  langid = {english},
}

@TechReport{AkaIOT,
    author = {McKeay, Martin
and Arteaga, Jose
and Fakhreddine, Amanda
and Cashdollar, Larry
and Seaman, Chad
and Thompson, Jon
and Barnett, Ryan
and Caltum, Ezra},
    title = {Q3 2016 State of the Internet Security Report},
    institution = {Akamai Technologies, Inc.},
    year = {2016},
}

@online{Attiny4,
	organization = {Atmel},
	year = {2016},
	title = {ATtiny4 / ATtiny5 / ATtiny9 / ATiny10 - Datasheet Summary},
	url = {http://www.atmel.com/Images/Atmel-8127-AVR-8-bit-Microcontroller-ATtiny4-ATtiny5-ATtiny9-ATtiny10_Datasheet-Summary.pdf},
    urldate = {2016-12-06},

	langid = {english},
}

@online{Atxmega384,
	organization = {Atmel},
	year = {2016},
	title = {ATxmega384C3 - Datasheet},
	url = {http://www.atmel.com/Images/Atmel-8361-8-and-16-bit-AVR-XMEGA-Microcontrollers-ATxmega384C3_Datasheet.pdf},
    urldate = {2016-12-06},

	langid = {english},
}

@online{Atmega32,
	organization = {Atmel},
	year = {2016},
	title = {ATmega16U4/ATmega32U4 - Datasheet},
	url = {http://www.atmel.com/Images/Atmel-7766-8-bit-AVR-ATmega16U4-32U4_Datasheet.pdf},
    urldate = {2016-12-06},

	langid = {english},
}

@online{Nist,
	organization = {National Institute of Standards and Technology, U.S. Department of Commerce},
	year = {2016},
	title = {Recommendation for Key Management Part 1: General},
    doi = {10.6028/NIST.SP.800-57pt1r4},
    url = {http://dx.doi.org/10.6028/NIST.SP.800-57pt1r4},
    urldate = {2016-12-07},

	langid = {english},
}

@inproceedings{al2008comparative,
  title={A comparative study of the performance and security issues of AES and RSA cryptography},
  author={Al Hasib, Abdullah and Haque, Abul Ahsan Md Mahmudul},
  booktitle={Convergence and Hybrid Information Technology, 2008. ICCIT'08. Third International Conference on},
  volume={2},
  pages={505--510},
  year={2008},
  organization={IEEE}
}


@Inbook{Gura2004,
author="Gura, Nils
and Patel, Arun
and Wander, Arvinderpal
and Eberle, Hans
and Shantz, Sheueling Chang",
editor="Joye, Marc
and Quisquater, Jean-Jacques",
title="Comparing Elliptic Curve Cryptography and RSA on 8-bit CPUs",
bookTitle="Cryptographic Hardware and Embedded Systems - CHES 2004: 6th International Workshop Cambridge, MA, USA, August 11-13, 2004. Proceedings",
year="2004",
publisher="Springer Berlin Heidelberg",
address="Berlin, Heidelberg",
pages="119--132",
isbn="978-3-540-28632-5",
doi="10.1007/978-3-540-28632-5_9",
url="http://dx.doi.org/10.1007/978-3-540-28632-5_9"
}

@article{kerry2013digital,
  title={Digital Signature Standard (DSS)},
  author={Kerry, Cameron F},
  journal={National Institute of Standards and Technology},
  year={2013}
}

@article{turner2009elliptic,
  title={Elliptic Curve Cryptography Subject Public Key Information},
  author={Turner, Sean and Housley, Russ and Polk, Tim and Brown, Daniel RL and Yiu, Kelvin},
  year={2009}
}

@article{kaliski1998pkcs,
  title={Pkcs\# 7: Cryptographic message syntax version 1.5},
  author={Kaliski, Burt},
  year={1998}
}

@article{krawczyk1997hmac,
  title={HMAC: Keyed-hashing for message authentication},
  author={Krawczyk, Hugo and Canetti, Ran and Bellare, Mihir},
  year={1997}
}

@incollection{black2011authenticated,
  title={Authenticated encryption},
  author={Black, John},
  booktitle={Encyclopedia of Cryptography and Security},
  pages={52--61},
  year={2011},
  publisher={Springer}
}
